<record><leader>00000cas a22000007a 4500</leader><controlfield tag="001">34770683</controlfield><controlfield tag="008">960522d185u1853tnuwr ne      0    0eng d</controlfield><datafield ind1=" " ind2=" " tag="010"><subfield code="a">sn 96091609 </subfield></datafield><datafield ind1=" " ind2=" " tag="040"><subfield code="a">TGN</subfield><subfield code="b">eng</subfield><subfield code="c">TGN</subfield><subfield code="d">OCL</subfield><subfield code="d">OCLCQ</subfield><subfield code="d">OCLCF</subfield><subfield code="d">OCLCO</subfield></datafield><datafield ind1=" " ind2=" " tag="042"><subfield code="a">msc</subfield></datafield><datafield ind1=" " ind2=" " tag="043"><subfield code="a">n-us-tn</subfield></datafield><datafield ind1="0" ind2="4" tag="245"><subfield code="a">The Bedford yeoman.</subfield></datafield><datafield ind1="3" ind2="0" tag="246"><subfield code="a">Yeoman</subfield></datafield><datafield ind1=" " ind2=" " tag="260"><subfield code="a">Shelbyville, Tenn. :</subfield><subfield code="b">R.C. Russ</subfield></datafield><datafield ind1=" " ind2=" " tag="300"><subfield code="a">v.</subfield></datafield><datafield ind1=" " ind2=" " tag="310"><subfield code="a">Weekly</subfield></datafield><datafield ind1="1" ind2=" " tag="362"><subfield code="a">Ceased in 1853.</subfield></datafield><datafield ind1=" " ind2=" " tag="500"><subfield code="a">Publishers: R.C. Russ, &lt;1853&gt;; R.C. Russ &amp; T.B. Laird, 1853.</subfield></datafield><datafield ind1=" " ind2=" " tag="500"><subfield code="a">Editor: R.C. Russ, &lt;1853&gt;.</subfield></datafield><datafield ind1=" " ind2=" " tag="588"><subfield code="a">Description based on: Vol. 3, no. 3 (Jan. 26, 1853).</subfield></datafield><datafield ind1=" " ind2="0" tag="651"><subfield code="a">Bedford County (Tenn.)</subfield><subfield code="v">Newspapers.</subfield></datafield><datafield ind1=" " ind2="0" tag="651"><subfield code="a">Shelbyville (Tenn.)</subfield><subfield code="v">Newspapers.</subfield></datafield><datafield ind1=" " ind2="7" tag="655"><subfield code="a">Newspapers.</subfield><subfield code="2">fast</subfield><subfield code="0">(OCoLC)fst01423814</subfield></datafield><datafield ind1=" " ind2="7" tag="651"><subfield code="a">Tennessee</subfield><subfield code="z">Bedford County.</subfield><subfield code="2">fast</subfield><subfield code="0">(OCoLC)fst01226019</subfield></datafield><datafield ind1=" " ind2="7" tag="651"><subfield code="a">Tennessee</subfield><subfield code="z">Shelbyville.</subfield><subfield code="2">fast</subfield><subfield code="0">(OCoLC)fst01226018</subfield></datafield><datafield ind1=" " ind2=" " tag="752"><subfield code="a">United States</subfield><subfield code="b">Tennessee</subfield><subfield code="c">Bedford</subfield><subfield code="d">Shelbyville.</subfield></datafield><datafield ind1="0" ind2="0" tag="785"><subfield code="t">Bedford weekly yeoman</subfield><subfield code="w">(DLC)sn 96091610</subfield></datafield></record>